%% This BibTeX bibliography file was created using BibDesk.
%% https://bibdesk.sourceforge.io/

%% Created for Alexander Terenin at 2022-02-21 04:04:25 +0000 


%% Saved with string encoding Unicode (UTF-8) 



@article{saibaba17,
	author = {Saibaba, Arvind K and Alexanderian, Alen and Ipsen, Ilse C F},
	date-added = {2022-02-16 02:55:45 +0000},
	date-modified = {2022-02-16 02:57:05 +0000},
	journal = {Numerische Mathematik},
	number = {2},
	pages = {353--395},
	title = {Randomized Matrix-Free Trace and Log-Determinant Estimators},
	volume = {137},
	year = {2017}}

@book{legall16,
	author = {Le Gall, Jean-François},
	date-added = {2022-02-10 16:13:31 +0000},
	date-modified = {2022-02-10 16:13:41 +0000},
	publisher = {Springer},
	title = {Brownian Motion, Martingales, and Stochastic Calculus},
	year = {2016}}

@book{wendland04,
	author = {Wendland, Holger},
	date-added = {2022-02-10 16:10:31 +0000},
	date-modified = {2022-02-10 16:10:31 +0000},
	publisher = {Cambridge University Press},
	title = {Scattered Data Approximation},
	year = {2004}}

@unpublished{bronstein21,
	author = {Bronstein, Michael M and Bruna, Joan and Cohen, Taco and Veličković, Petar},
	date-added = {2022-01-27 15:50:58 +0000},
	date-modified = {2022-01-27 15:51:50 +0000},
	note = {Working manuscript, Imperial College London},
	title = {Geometric Deep Learning: Grids, Groups, Graphs, Geodesics, and Gauges},
	year = {2021}}

@book{zelditch17,
	author = {Zelditch, Steve},
	date-added = {2022-01-26 02:23:51 +0000},
	date-modified = {2022-01-26 03:43:08 +0000},
	publisher = {American Mathematical Society},
	title = {Eigenfunctions of the Laplacian on a Riemannian Manifold},
	year = {2017}}

@unpublished{canzani13,
	author = {Canzani, Yaiza},
	date-added = {2021-09-20 05:16:00 +0100},
	date-modified = {2021-09-20 05:16:12 +0100},
	note = {Lecture notes, Harvard University},
	title = {Analysis on Manifolds via the Laplacian},
	year = {2013}}

@inproceedings{srinivas09,
	author = {Srinivas, Niranjan and Krause, Andreas and Kakade, Sham M and Seeger, Matthias},
	booktitle = {International Conference on Machine Learning},
	date-added = {2021-09-14 19:17:24 +0100},
	date-modified = {2021-09-14 19:17:26 +0100},
	title = {Gaussian Process Optimization in the Bandit Setting: No Regret and Experimental Design},
	year = {2010}}

@incollection{grigoryan14,
	author = {Grigoryan, Alexander and Hu, Jiaxin and Lau, Ka-Sing},
	booktitle = {Geometry and Analysis of Fractals},
	date-added = {2021-09-14 19:08:53 +0100},
	date-modified = {2021-09-14 20:34:41 +0100},
	pages = {147--207},
	publisher = {Springer},
	title = {Heat Kernels on Metric Measure Spaces},
	year = {2014}}

@article{grigoryan03,
	author = {Grigoryan, Alexander and Hu, Jiaxin and Lau, Ka-Sing},
	date-added = {2021-09-14 19:07:53 +0100},
	date-modified = {2021-09-14 19:07:59 +0100},
	journal = {Transactions of the American Mathematical Society},
	number = {5},
	pages = {2065--2095},
	title = {Heat Kernels on Metric Measure Spaces and an Application to Semilinear Elliptic Equations},
	volume = {355},
	year = {2003}}

@article{matthews17,
	author = {Matthews, Alexander G de G and van der Wilk, Mark and Nickson, Tom and Fujii, Keisuke and Boukouvalas, Alexis and León-Villagrá, Pablo and Ghahramani, Zoubin and Hensman, James},
	date-added = {2021-09-14 18:06:14 +0100},
	date-modified = {2021-09-14 18:06:14 +0100},
	journal = {Journal of Machine Learning Research},
	number = {40},
	pages = {1--6},
	title = {GPflow: A Gaussian Process Library using TensorFlow},
	volume = {18},
	year = {2017}}

@article{xu17,
	author = {Xu, Jinchao and Zikatanov, Ludmil},
	date-added = {2021-09-14 17:57:03 +0100},
	date-modified = {2021-09-14 17:57:04 +0100},
	journal = {Acta Numerica},
	pages = {591--721},
	title = {Algebraic Multigrid Methods},
	volume = {26},
	year = {2017}}

@book{evans10,
	author = {Evans, Lawrence C},
	date-added = {2021-09-14 15:29:27 +0100},
	date-modified = {2021-09-14 15:29:31 +0100},
	publisher = {American Mathematical Society},
	title = {Partial Differential Equations},
	year = {2010}}

@book{e11,
	author = {Weinan E},
	date-added = {2021-09-14 15:26:28 +0100},
	date-modified = {2021-09-14 15:26:30 +0100},
	publisher = {Cambridge University Press},
	title = {Principles of Multiscale Modeling},
	year = {2011}}

@book{saad03,
	author = {Saad, Yousef},
	date-added = {2021-09-14 15:25:35 +0100},
	date-modified = {2021-09-14 15:25:36 +0100},
	publisher = {Society for Industrial and Applied Mathematics},
	title = {Iterative Methods for Sparse Linear Systems},
	year = {2003}}

@inproceedings{suzuki20,
	author = {Suzuki, Shinya and Takeno, Shion and Tamura, Tomoyuki and Shitara, Kazuki and Karasuyama, Masayuki},
	booktitle = {International Conference on Machine Learning},
	date-added = {2021-09-14 14:59:40 +0100},
	date-modified = {2021-09-14 14:59:40 +0100},
	title = {Multi-objective Bayesian Optimization using Pareto-frontier Entropy},
	year = {2020}}

@inproceedings{hernandezlobato16,
	author = {Hernández-Lobato, Daniel and Hernández-Lobato, José Miguel and Shah, Amar and Adams, Ryan P},
	booktitle = {International Conference on Machine Learning},
	date-added = {2021-09-14 14:58:50 +0100},
	date-modified = {2022-02-21 04:04:25 +0000},
	title = {Predictive Entropy Search for Multi-objective Bayesian Optimization},
	year = {2016}}

@article{campigotto14,
	author = {Campigotto, Paolo and Passerini, Andrea and Battiti, Roberto},
	date-added = {2021-09-14 14:57:47 +0100},
	date-modified = {2021-09-14 14:58:28 +0100},
	journal = {IEEE Transactions on Neural Networks and Learning Systems},
	number = {3},
	pages = {506--519},
	title = {Active Learning of Pareto Fronts},
	volume = {25},
	year = {2014}}

@inproceedings{emmerich05,
	author = {Emmerich, Michael and Beume, Nicola and Naujoks, Boris},
	booktitle = {International Conference on Evolutionary Multi-Criterion Optimization},
	date-added = {2021-09-14 14:57:13 +0100},
	date-modified = {2021-09-14 14:57:13 +0100},
	pages = {62--76},
	title = {An EMO Algorithm Using the Hypervolume Measure as Selection Criterion},
	year = {2005}}

@inproceedings{neiswanger21,
	author = {Neiswanger, Willie and Wang, Ke Alexander and Ermon, Stefano},
	booktitle = {International Conference on Machine Learning},
	date-added = {2021-09-13 21:59:20 +0100},
	date-modified = {2021-09-13 21:59:21 +0100},
	title = {Bayesian Algorithm Execution: Estimating Computable Properties of Black-box Functions Using Mutual Information},
	year = {2021}}

@inproceedings{burt19,
	author = {Burt, David R and Rasmussen, Carl Edward and van der Wilk, Mark},
	booktitle = {International Conference on Machine Learning},
	date-added = {2021-09-13 04:26:06 +0100},
	date-modified = {2021-09-13 04:26:42 +0100},
	title = {Rates of Convergence for Sparse Variational Gaussian Process Regression},
	year = {2019}}

@inproceedings{choromanski16,
	author = {Choromanski, Krzysztof and Sindhwani, Vikas},
	booktitle = {International Conference on Machine Learning},
	date-added = {2021-09-13 04:17:42 +0100},
	date-modified = {2021-09-13 04:17:42 +0100},
	title = {Recycling Randomness with Structure for Sublinear time Kernel Expansions},
	year = {2016}}

@inproceedings{choromanski18,
	author = {Choromanski, Krzysztof and Rowland, Mark and Sarlós, Tamás and Sindhwani, Vikas and Turner, Richard and Weller, Adrian},
	booktitle = {International Conference on Artificial Intelligence and Statistics},
	date-added = {2021-09-13 04:14:52 +0100},
	date-modified = {2021-09-13 04:14:53 +0100},
	title = {The Geometry of Random Features},
	year = {2018}}

@inproceedings{yu16,
	author = {Yu, Felix Xinnan and Suresh, Ananda Theertha and Choromanski, Krzysztof and Holtmann-Rice, Daniel and Kumar, Sanjiv},
	booktitle = {Advances in Neural Information Processing Systems},
	date-added = {2021-09-13 04:14:08 +0100},
	date-modified = {2021-09-13 04:14:19 +0100},
	title = {Orthogonal Random Features},
	year = {2016}}

@inproceedings{li19,
	author = {Li, Zhu and Ton, Jean-Francois and Oglic, Dino and Sejdinovic, Dino},
	booktitle = {International Conference on Machine Learning},
	date-added = {2021-09-13 04:12:34 +0100},
	date-modified = {2021-09-13 04:12:34 +0100},
	title = {Towards A Unified Analysis of Random Fourier Features},
	year = {2019}}

@inproceedings{sriperumbudur15,
	author = {Sriperumbudur, Bharath K and Szabó, Zoltán},
	booktitle = {Advances in Neural Information Processing Systems},
	date-added = {2021-09-13 04:11:49 +0100},
	date-modified = {2021-09-13 04:12:18 +0100},
	title = {Optimal Rates for Random Fourier Features},
	year = {2015}}

@article{liu21,
	author = {Liu, Fanghui and Huang, Xiaolin and Chen, Yudong and Suykens, Johan A K},
	date-added = {2021-09-13 04:11:05 +0100},
	date-modified = {2021-09-13 04:11:22 +0100},
	journal = {IEEE Transactions on Pattern Analysis and Machine Intelligence},
	title = {Random Features for Kernel Approximation: A Survey on Algorithms, Theory, and Beyond},
	year = {2021}}

@inproceedings{dong17,
	author = {Dong, Kun and Eriksson, David and Nickisch, Hannes and Bindel, David and Wilson, Andrew Gordon},
	booktitle = {Advances in Neural Information Processing Systems},
	date-added = {2021-09-13 03:28:29 +0100},
	date-modified = {2021-09-13 03:28:32 +0100},
	title = {Scalable Log Determinants for Gaussian Process Kernel Learning},
	year = {2017}}

@inproceedings{pleiss20,
	author = {Pleiss, Geoff and Jankowiak, Martin and Eriksson, David and Damle, Anil and Gardner, Jacob R},
	booktitle = {Advances in Neural Information Processing Systems},
	date-added = {2021-09-13 03:18:01 +0100},
	date-modified = {2021-09-13 03:18:23 +0100},
	title = {Fast Matrix Square Roots with Applications to Gaussian Processes and Bayesian Optimization},
	year = {2020}}

@inproceedings{gardner18,
	author = {Gardner, Jacob R and Pleiss, Geoff and Bindel, David and Weinberger, Kilian Q and Wilson, Andrew Gordon},
	booktitle = {Advances in Neural Information Processing Systems},
	date-added = {2021-09-13 03:16:23 +0100},
	date-modified = {2021-09-13 03:19:34 +0100},
	title = {GPyTorch: Blackbox Matrix-Matrix Gaussian Process Inference with GPU Acceleration},
	year = {2018}}

@inproceedings{pleiss18,
	author = {Pleiss, Geoff and Gardner, Jacob R and Weinberger, Kilian Q and Wilson, Andrew Gordon},
	booktitle = {International Conference on Machine Learning},
	date-added = {2021-09-13 03:14:11 +0100},
	date-modified = {2021-09-13 03:14:11 +0100},
	title = {Constant-Time Predictive Distributions for Gaussian Processes},
	year = {2018}}

@inproceedings{meanti20,
	author = {Meanti, Giacomo and Carratino, Luigi and Rosasco, Lorenzo and Rudi, Alessandro},
	booktitle = {Advances in Neural Information Processing Systems},
	date-added = {2021-09-13 03:13:56 +0100},
	date-modified = {2021-09-13 03:39:28 +0100},
	title = {Kernel Methods Through the Roof: Handling Billions of Points Efficiently},
	year = {2020}}

@incollection{spielman12,
	author = {Spielman, Daniel},
	booktitle = {Combinatorial Scientific Computing},
	date-added = {2021-09-13 02:51:25 +0100},
	date-modified = {2021-09-13 02:51:27 +0100},
	pages = {495--517},
	publisher = {CRC Press},
	title = {Spectral Graph Theory},
	year = {2012}}

@book{lee12,
	author = {Lee, John M},
	date-added = {2021-09-13 02:15:01 +0100},
	date-modified = {2021-09-13 02:15:04 +0100},
	publisher = {Springer},
	title = {Introduction to Smooth Manifolds},
	year = {2012}}

@book{lee18,
	author = {Lee, John M},
	date-added = {2021-09-13 02:15:01 +0100},
	date-modified = {2021-09-13 02:15:05 +0100},
	publisher = {Springer},
	title = {Introduction to Riemannian Manifolds},
	year = {2018}}

@techreport{vanderwilk20,
	author = {van der Wilk, Mark and Dutordoir, Vincent and John, S T and Artemev, Artem and Adam, Vincent and Hensman, James},
	date-added = {2021-09-13 02:10:14 +0100},
	date-modified = {2021-09-13 03:40:03 +0100},
	institution = {PROWLER.io},
	title = {A Framework for Interdomain and Multioutput Gaussian Processes},
	year = {2020}}

@article{epperson87,
	author = {Epperson, James F},
	date-added = {2021-09-13 01:54:42 +0100},
	date-modified = {2021-09-13 01:54:44 +0100},
	journal = {The American Mathematical Monthly},
	number = {4},
	pages = {329--341},
	title = {On the Runge Example},
	volume = {94},
	year = {1987}}

@book{dahlquist08,
	author = {Dahlquist, Germund and Björck, Åke},
	date-added = {2021-09-13 01:52:26 +0100},
	date-modified = {2021-09-13 01:52:28 +0100},
	publisher = {Society for Industrial and Applied Mathematics},
	title = {Numerical Methods in Scientific Computing},
	year = {2008}}

@article{shahriari15,
	author = {Shahriari, Bobak and Swersky, Kevin and Wang, Ziyu and Adams, Ryan P and De Freitas, Nando},
	date-added = {2021-09-13 01:34:02 +0100},
	date-modified = {2021-09-13 01:34:04 +0100},
	journal = {Proceedings of the IEEE},
	number = {1},
	pages = {148--175},
	title = {Taking the Human Out of the Loop: A Review of Bayesian Optimization},
	volume = {104},
	year = {2015}}

@inproceedings{mutny18,
	author = {Mutny, Mojmir and Krause, Andreas},
	booktitle = {Advances in Neural Information Processing Systems},
	date-added = {2021-09-13 01:33:45 +0100},
	date-modified = {2021-09-13 01:33:46 +0100},
	title = {Efficient High Dimensional Bayesian Optimization with Additivity and Quadrature Fourier Features},
	year = {2018}}

@inproceedings{wang18,
	author = {Wang, Zi and Gehring, Clement and Kohli, Pushmeet and Jegelka, Stefanie},
	booktitle = {Artificial Intelligence and Statistics},
	date-added = {2021-09-13 01:33:17 +0100},
	date-modified = {2021-09-13 01:33:19 +0100},
	title = {Batched Large-scale Bayesian Optimization in High-dimensional Spaces},
	year = {2018}}

@inproceedings{rasmussen05,
	author = {Rasmussen, Carl Edward and Quinoñero-Candela, Joaquin},
	booktitle = {International Conference on Machine Learning},
	date-added = {2021-09-13 01:33:03 +0100},
	date-modified = {2021-09-13 01:33:04 +0100},
	title = {Healing the Relevance Vector Machine through Augmentation},
	year = {2005}}

@article{hoffman91,
	author = {Hoffman, Yehuda and Ribak, Erez},
	date-added = {2021-09-13 01:30:29 +0100},
	date-modified = {2021-09-13 01:30:31 +0100},
	journal = {The Astrophysical Journal},
	pages = {L5--L8},
	title = {Constrained Realizations of Gaussian Fields: A Simple Algorithm},
	volume = {380},
	year = {1991}}

@article{oliver96,
	author = {Oliver, Dean S},
	date-added = {2021-09-13 01:30:11 +0100},
	date-modified = {2021-09-13 01:30:13 +0100},
	journal = {Mathematical Geology},
	number = {6},
	pages = {811--817},
	title = {On Conditional Simulation to Inaccurate Data},
	volume = {28},
	year = {1996}}

@article{emery07,
	author = {Emery, Xavier},
	date-added = {2021-09-13 01:28:59 +0100},
	date-modified = {2021-09-13 01:29:01 +0100},
	journal = {Mathematical Geology},
	number = {6},
	pages = {607--623},
	title = {Conditioning Simulations of Gaussian Random Fields by Ordinary Kriging},
	volume = {39},
	year = {2007}}

@incollection{defouquet94,
	author = {de Fouquet, Chantal},
	booktitle = {Geostatistical Simulations},
	date-added = {2021-09-13 01:28:47 +0100},
	date-modified = {2021-09-13 01:32:28 +0100},
	pages = {131--145},
	publisher = {Springer},
	title = {Reminders on the Conditioning Kriging},
	year = {1994}}

@book{journel78,
	author = {Journel, Andre G and Huijbregts, Charles J},
	date-added = {2021-09-13 01:28:30 +0100},
	date-modified = {2021-09-13 01:28:31 +0100},
	publisher = {Academic Press London},
	title = {Mining Geostatistics},
	year = {1978}}

@article{kushner64,
	author = {Kushner, Harold J},
	date-added = {2021-09-13 00:47:36 +0100},
	date-modified = {2021-09-13 00:47:38 +0100},
	journal = {Journal of Basic Engineering},
	number = {1},
	pages = {97--106},
	title = {A New Method of Locating the Maximum Point of an Arbitrary Multipeak Curve in the Presence of Noise},
	volume = {86},
	year = {1964}}

@inproceedings{snoek12,
	author = {Snoek, Jasper and Larochelle, Hugo and Adams, Ryan P},
	booktitle = {Advances in Neural Information Processing Systems},
	date-added = {2021-09-13 00:42:43 +0100},
	date-modified = {2021-09-13 00:42:44 +0100},
	title = {Practical Bayesian Optimization of Machine Learning Algorithms},
	year = {2012}}

@inproceedings{hensman13,
	author = {Hensman, James and Fusi, Nicolò and Lawrence, Neil D},
	booktitle = {Uncertainty in Artificial Intelligence},
	date-added = {2021-09-13 00:33:46 +0100},
	date-modified = {2021-09-13 00:33:47 +0100},
	title = {Gaussian Processes for Big Data},
	year = {2013}}

@inproceedings{snelson06,
	author = {Snelson, Edward and Ghahramani, Zoubin},
	booktitle = {Advances in Neural Information Processing Systems},
	date-added = {2021-09-13 00:32:22 +0100},
	date-modified = {2021-09-13 00:32:48 +0100},
	title = {Sparse Gaussian Processes using Pseudo-inputs},
	year = {2006}}

@book{krainski18,
	author = {Krainski, Elias and Gómez-Rubio, Virgilio and Bakka, Haakon and Lenzi, Amanda and Castro-Camilo, Daniela and Simpson, Daniel and Lindgren, Finn and Rue, Håvard},
	date-added = {2021-09-13 00:20:46 +0100},
	date-modified = {2021-09-13 00:20:46 +0100},
	publisher = {CRC Press},
	title = {Advanced Spatial Modeling with Stochastic Partial Differential Equations using R and INLA},
	year = {2018}}

@article{whittle54,
	author = {Whittle, Peter},
	date-added = {2021-09-13 00:20:03 +0100},
	date-modified = {2021-09-13 00:20:05 +0100},
	journal = {Biometrika},
	pages = {434--449},
	title = {On Stationary Processes in the Plane},
	volume = {41},
	year = {1954}}

@article{solin18,
	author = {Solin, Arno and Kok, Manon and Wahlström, Niklas and Schön, Thomas B and Särkkä, Simo},
	date-added = {2021-09-13 00:12:15 +0100},
	date-modified = {2021-09-13 00:12:43 +0100},
	journal = {IEEE Transactions on Robotics},
	number = {4},
	pages = {1112--1127},
	title = {Modeling and Interpolation of the Ambient Magnetic Field by Gaussian Processes},
	volume = {34},
	year = {2018}}

@article{coveney20,
	author = {Coveney, Sam and Corrado, Cesare and Roney, Caroline H and O'Hare, Daniel and Williams, Steven E and O'Neill, Mark D and Niederer, Steven A and Clayton, Richard H and Oakley, Jeremy E and Wilkinson, Richard D},
	date-added = {2021-09-13 00:10:43 +0100},
	date-modified = {2021-09-13 00:10:45 +0100},
	journal = {Philosophical Transactions of the Royal Society A},
	number = {2173},
	pages = {20190345},
	title = {Gaussian Process Manifold Interpolation for Probabilistic Atrial Activation Maps and Uncertain Conduction Velocity},
	volume = {378},
	year = {2020}}

@article{solin20,
	author = {Arno Solin and Simo Särkkä},
	date-added = {2021-09-13 00:10:39 +0100},
	date-modified = {2021-09-13 00:10:40 +0100},
	journal = {Statistics and Computing},
	number = {2},
	pages = {419--446},
	title = {Hilbert Space Methods for Reduced-Rank Gaussian Process Regression},
	volume = {30},
	year = {2020}}

@inproceedings{rahimi08,
	author = {Rahimi, Ali and Recht, Benjamin},
	booktitle = {Advances in Neural Information Processing Systems},
	date-added = {2021-09-12 23:27:36 +0100},
	date-modified = {2021-09-12 23:27:37 +0100},
	title = {Random Features for Large-Scale Kernel Machines},
	year = {2008}}

@book{lang12,
	author = {Lang, Serge},
	date-added = {2021-09-12 21:57:23 +0100},
	date-modified = {2021-09-12 21:57:25 +0100},
	publisher = {Springer},
	title = {Real and Functional Analysis},
	year = {2012}}

@book{lifshits12,
	author = {Lifshits, Mikhail},
	date-added = {2021-09-12 21:29:33 +0100},
	date-modified = {2021-09-12 21:29:35 +0100},
	publisher = {Springer},
	title = {Lectures on Gaussian Processes},
	year = {2012}}

@article{russo18,
	author = {Russo, Daniel and Van Roy, Benjamin and Kazerouni, Abbas and Osband, Ian and Wen, Zheng},
	date-added = {2021-09-12 21:20:29 +0100},
	date-modified = {2021-09-12 21:20:44 +0100},
	journal = {Foundations and Trends in Machine Learning},
	number = {1},
	pages = {1--96},
	title = {A Tutorial on Thompson Sampling},
	volume = {11},
	year = {2018}}

@inproceedings{hernandezlobato14,
	author = {Hernández-Lobato, José Miguel and Hoffman, Matthew W and Ghahramani, Zoubin},
	booktitle = {Advances in Neural Information Processing Systems},
	date-added = {2021-09-12 21:16:43 +0100},
	date-modified = {2021-09-12 21:16:50 +0100},
	title = {Predictive Entropy Search for Efficient Global Optimization of Black-box Functions},
	year = {2014}}

@article{jones98,
	author = {Jones, Donald R and Schonlau, Matthias and Welch, William J},
	date-added = {2021-09-12 21:16:25 +0100},
	date-modified = {2021-09-12 21:16:27 +0100},
	journal = {Journal of Global Optimization},
	number = {4},
	pages = {455--492},
	title = {Efficient Global Optimization of Expensive Black-Box Functions},
	volume = {13},
	year = {1998}}

@inproceedings{russo14,
	author = {Russo, Daniel and Van Roy, Benjamin},
	booktitle = {Advances in Neural Information Processing Systems},
	date-added = {2021-09-12 21:15:12 +0100},
	date-modified = {2021-09-12 21:15:13 +0100},
	title = {Learning to Optimize via Information-Directed Sampling},
	year = {2014}}

@inproceedings{mockus75,
	author = {Močkus, Jonas},
	booktitle = {Optimization Techniques International Federation for Information Processing Technical Conference},
	date-added = {2021-09-12 21:03:04 +0100},
	date-modified = {2021-09-12 21:08:32 +0100},
	pages = {400--404},
	title = {On Bayesian Methods for Seeking the Extremum},
	year = {1975}}

@article{thompson33,
	author = {Thompson, William R},
	date-added = {2021-09-12 20:57:11 +0100},
	date-modified = {2021-09-12 20:57:12 +0100},
	journal = {Biometrika},
	number = {3},
	pages = {285--294},
	title = {On the Likelihood that One Unknown Probability Exceeds Another in View of the Evidence of Two Samples},
	volume = {25},
	year = {1933}}

@article{agrawal95,
	author = {Agrawal, Rajeev},
	date-added = {2021-09-12 20:43:40 +0100},
	date-modified = {2021-09-12 20:43:41 +0100},
	journal = {Advances in Applied Probability},
	number = {4},
	pages = {1054--1078},
	title = {Sample Mean Based Index Policies with $O(\log n)$ Regret for the Multi-Armed Bandit Problem},
	volume = {27},
	year = {1995}}

@article{auer02,
	author = {Auer, Peter and Cesa-Bianchi, Nicolo and Fischer, Paul},
	date-added = {2021-09-12 20:31:44 +0100},
	date-modified = {2021-09-12 20:31:45 +0100},
	journal = {Machine Learning},
	number = {2},
	pages = {235--256},
	title = {Finite-time Analysis of the Multiarmed Bandit Problem},
	volume = {47},
	year = {2002}}

@article{lai85,
	author = {Lai, Tze Leung and Robbins, Herbert},
	date-added = {2021-09-12 20:30:56 +0100},
	date-modified = {2021-09-12 20:30:57 +0100},
	journal = {Advances in Applied Mathematics},
	number = {1},
	pages = {4--22},
	title = {Asymptotically Efficient Adaptive Allocation Rules},
	volume = {6},
	year = {1985}}

@incollection{frazier18,
	author = {Frazier, Peter I},
	booktitle = {Recent Advances in Optimization and Modeling of Contemporary Problems},
	date-added = {2021-09-12 20:15:58 +0100},
	date-modified = {2021-09-14 20:32:42 +0100},
	pages = {255--278},
	publisher = {Institute for Operations Research and the Management Sciences},
	title = {Bayesian Optimization},
	year = {2018}}

@book{lattimore20,
	author = {Lattimore, Tor and Szepesvári, Csaba},
	date-added = {2021-09-12 19:56:24 +0100},
	date-modified = {2021-09-12 19:56:25 +0100},
	publisher = {Cambridge University Press},
	title = {Bandit Algorithms},
	year = {2020}}

@book{bertsekas19,
	author = {Bertsekas, Dimitri P},
	date-added = {2021-09-12 19:46:41 +0100},
	date-modified = {2021-09-12 19:46:42 +0100},
	publisher = {Athena Scientific},
	title = {Reinforcement Learning and Optimal Control},
	year = {2019}}

@book{sutton18,
	author = {Sutton, Richard S and Barto, Andrew G},
	date-added = {2021-09-12 19:46:29 +0100},
	date-modified = {2021-09-12 19:46:31 +0100},
	publisher = {MIT Press},
	title = {Reinforcement Learning: An Introduction},
	year = {2018}}

@book{rasmussen06,
	author = {Rasmussen, Carl Edward and Williams, Christopher KI},
	date-added = {2021-09-12 19:32:06 +0100},
	date-modified = {2021-09-12 19:32:07 +0100},
	publisher = {MIT Press},
	title = {Gaussian Processes for Machine Learning},
	year = {2006}}

@book{gelman14,
	author = {Gelman, Andrew and Carlin, John B and Stern, Hal S and Dunson, David B and Vehtari, Aki and Rubin, Donald B},
	date-added = {2021-09-12 19:31:58 +0100},
	date-modified = {2021-09-12 19:32:00 +0100},
	edition = {3},
	publisher = {CRC Press},
	title = {Bayesian Data Analysis},
	year = {2014}}

@book{gine15,
	author = {Giné, Evarist and Nickl, Richard},
	date-added = {2021-09-12 19:28:53 +0100},
	date-modified = {2021-09-12 19:28:55 +0100},
	publisher = {Cambridge University Press},
	title = {Mathematical Foundations of Infinite-Dimension\-al Statistical Models},
	year = {2015}}

@book{ghosal17,
	author = {Ghosal, Subhashis and van der Vaart, Aad},
	date-added = {2021-09-12 19:28:36 +0100},
	date-modified = {2021-09-12 19:28:37 +0100},
	publisher = {Cambridge University Press},
	title = {Fundamentals of Nonparametric Bayesian Inference},
	year = {2017}}

@incollection{levy82,
	author = {Levy, Alejandro V and Montalvo, Antonio and Gomez, Susana and Calderon, A},
	booktitle = {Numerical Analysis},
	date-added = {2021-09-12 15:03:48 +0100},
	date-modified = {2021-09-12 15:06:47 +0100},
	pages = {18--33},
	publisher = {Springer},
	title = {Topics in Global Optimization},
	year = {1982}}

@book{ghanem91,
	author = {Roger G. Ghanem and Pol D. Spanos},
	date-added = {2021-09-07 20:20:26 +0100},
	date-modified = {2021-09-07 20:20:27 +0100},
	publisher = {Springer},
	title = {Stochastic Finite Elements: A Spectral Approach},
	year = {1991}}

@book{lord14,
	author = {Lord, Gabriel J and Powell, Catherine E and Shardlow, Tony},
	date-added = {2021-09-07 02:20:16 +0100},
	date-modified = {2021-09-07 02:20:17 +0100},
	publisher = {Cambridge University Press},
	title = {An Introduction to Computational Stochastic PDEs},
	year = {2014}}

@book{paulsen16,
	author = {Paulsen, Vern I and Raghupathi, Mrinal},
	date-added = {2021-09-07 01:45:50 +0100},
	date-modified = {2021-09-07 01:45:51 +0100},
	publisher = {Cambridge University Press},
	title = {An Introduction to the Theory of Reproducing Kernel Hilbert Spaces},
	year = {2016}}

@article{slivkins19,
	author = {Slivkins, Aleksandrs},
	date-added = {2021-09-06 19:32:53 +0100},
	date-modified = {2021-09-08 02:57:24 +0100},
	journal = {Foundations and Trends in Machine Learning},
	number = {1--2},
	pages = {1--286},
	title = {Introduction to Multi-Armed Bandits},
	volume = {12},
	year = {2019}}

@article{chang97,
	author = {Chang, Joseph T and Pollard, David},
	date-added = {2021-09-06 17:34:05 +0100},
	date-modified = {2021-09-06 17:34:06 +0100},
	journal = {Statistica Neerlandica},
	number = {3},
	pages = {287--317},
	title = {Conditioning as Disintegration},
	volume = {51},
	year = {1997}}

@book{ambrosio08,
	author = {Ambrosio, Luigi and Gigli, Nicola and Savaré, Giuseppe},
	date-added = {2021-09-06 17:33:57 +0100},
	date-modified = {2021-09-06 17:33:58 +0100},
	publisher = {Springer},
	title = {Gradient Flows in Metric Spaces and in the Space of Probability Measures},
	year = {2008}}

@book{bogachev07b,
	author = {Bogachev, Vladimir Igorevich},
	date-added = {2021-09-06 17:30:29 +0100},
	date-modified = {2021-09-14 20:30:11 +0100},
	publisher = {Springer},
	title = {Measure Theory},
	volume = {2},
	year = {2007}}

@book{bogachev07a,
	author = {Bogachev, Vladimir Igorevich},
	date-added = {2021-09-06 17:30:29 +0100},
	date-modified = {2021-09-14 20:30:06 +0100},
	publisher = {Springer},
	title = {Measure Theory},
	volume = {1},
	year = {2007}}

@article{rosenbrock60,
	author = {Rosenbrock, HoHo},
	date-added = {2021-08-29 01:23:11 +0100},
	date-modified = {2021-08-29 01:23:12 +0100},
	journal = {The Computer Journal},
	number = {3},
	pages = {175--184},
	title = {An Automatic Method for Finding the Greatest or Least Value of a Function},
	volume = {3},
	year = {1960}}

@book{ackley87,
	author = {Ackley, David},
	date-added = {2021-08-29 01:22:35 +0100},
	date-modified = {2021-08-29 01:22:41 +0100},
	publisher = {Springer},
	title = {A Connectionist Machine for Genetic Hillclimbing},
	year = {1987}}

@inproceedings{jaquier20,
	author = {Jaquier, Noémie and Rozo, Leonel and Calinon, Sylvain and Bürger, Mathias},
	booktitle = {Conference on Robot Learning},
	date-added = {2021-08-28 23:03:21 +0100},
	date-modified = {2021-08-28 23:03:22 +0100},
	title = {Bayesian Optimization Meets Riemannian Manifolds in Robot Learning},
	year = {2020}}

@misc{osm17,
	author = {{OpenStreetMap contributors}},
	date-added = {2021-08-28 19:29:49 +0100},
	date-modified = {2021-08-28 19:29:57 +0100},
	title = {Retrieved from \url{https://planet.osm.org}},
	year = {2017}}

@article{crane17,
	author = {Crane, Keenan and Wardetzky, Max},
	date-added = {2021-08-27 16:07:17 +0100},
	date-modified = {2021-08-27 16:07:18 +0100},
	journal = {Notices of the American Mathematical Society},
	number = {11},
	pages = {1153--1159},
	title = {A Glimpse into Discrete Differential Geometry},
	volume = {64},
	year = {2017}}

@article{rathgeber16,
	author = {Rathgeber, Florian and Ham, David A and Mitchell, Lawrence and Lange, Michael and Luporini, Fabio and McRae, Andrew T T and Bercea, Gheorghe-Teodor and Markall, Graham R and Kelly, Paul H J},
	date-added = {2021-08-27 16:03:00 +0100},
	date-modified = {2021-09-14 20:38:03 +0100},
	journal = {ACM Transactions on Mathematical Software},
	number = {3},
	pages = {1--27},
	title = {Firedrake: Automating the Finite Element Method by Composing Abstractions},
	volume = {43},
	year = {2016}}

@inproceedings{curless96,
	author = {Curless, Brian and Levoy, Marc},
	booktitle = {Conference on Computer Graphics and Interactive Techniques},
	date-added = {2021-08-27 16:00:55 +0100},
	date-modified = {2021-08-27 16:00:55 +0100},
	pages = {303--312},
	title = {A Volumetric Method for Building Complex Models from Range Images},
	year = {1996}}

@article{bergstra12,
	author = {Bergstra, James and Bengio, Yoshua},
	date-added = {2021-08-27 14:04:13 +0100},
	date-modified = {2021-08-27 14:04:14 +0100},
	journal = {Journal of Machine Learning Research},
	pages = {281--305},
	title = {Random Search for Hyper-Parameter Optimization},
	volume = {13},
	year = {2012}}

@article{jones93,
	author = {Jones, Donald R and Perttunen, Cary D and Stuckman, Bruce E},
	date-added = {2021-08-27 14:04:07 +0100},
	date-modified = {2021-08-27 14:04:08 +0100},
	journal = {Journal of Optimization Theory and Applications},
	number = {1},
	pages = {157--181},
	title = {Lipschitzian Optimization Without the Lipschitz Constant},
	volume = {79},
	year = {1993}}

@article{byrd95,
	author = {Byrd, Richard H and Lu, Peihuang and Nocedal, Jorge and Zhu, Ciyou},
	date-added = {2021-08-27 02:03:21 +0100},
	date-modified = {2021-08-27 02:03:32 +0100},
	journal = {SIAM Journal on Scientific Computing},
	number = {5},
	pages = {1190--1208},
	title = {A Limited Memory Algorithm for Bound Constrained Optimization},
	volume = {16},
	year = {1995}}

@book{billingsley08,
	author = {Billingsley, Patrick},
	date-added = {2021-08-14 19:30:30 +0100},
	date-modified = {2021-08-14 19:30:30 +0100},
	publisher = {Wiley},
	title = {Probability and Measure},
	year = {2008}}

@book{kallenberg06,
	author = {Kallenberg, Olav},
	date-added = {2021-08-14 19:30:25 +0100},
	date-modified = {2021-08-14 19:30:25 +0100},
	publisher = {Springer},
	title = {Foundations of Modern Probability},
	year = {2006}}

@inproceedings{jacquier21,
	author = {Noémie Jaquier and Viacheslav Borovitskiy and Andrei Smolensky and Alexander Terenin and Tamim Asfour and Leonel Rozo},
	booktitle = {Conference on Robot Learning},
	date-added = {2021-08-14 01:48:49 +0100},
	date-modified = {2021-08-14 01:51:13 +0100},
	title = {Geometry-aware Bayesian Optimization in Robotics using Riemannian Matérn Kernels},
	year = {2021}}

@book{tao11,
	author = {Tao, Terence},
	date-added = {2021-08-10 18:17:28 +0100},
	date-modified = {2021-08-10 18:17:29 +0100},
	publisher = {American Mathematical Society},
	title = {An Introduction to Measure Theory},
	year = {2011}}

@book{lee10,
	author = {Lee, John M},
	date-added = {2021-08-10 01:24:59 +0100},
	date-modified = {2021-08-10 01:25:00 +0100},
	publisher = {Springer},
	title = {Introduction to Topological Manifolds},
	year = {2010}}

@unpublished{hairer09,
	author = {Hairer, Martin},
	date-added = {2021-08-08 19:12:29 +0100},
	date-modified = {2021-09-14 20:35:07 +0100},
	note = {Lecture notes, University of Warwick},
	title = {An Introduction to Stochastic PDEs},
	year = {2009}}

@book{bogachev98,
	author = {Bogachev, Vladimir Igorevich},
	date-added = {2021-08-08 19:12:23 +0100},
	date-modified = {2021-08-08 19:12:24 +0100},
	publisher = {American Mathematical Society},
	title = {Gaussian Measures},
	year = {1998}}

@inproceedings{solin19,
	author = {Solin, Arno and Kok, Manon},
	booktitle = {Artificial Intelligence and Statistics},
	date-added = {2021-07-25 22:29:20 +0100},
	date-modified = {2021-07-25 22:29:20 +0100},
	title = {Know Your Boundaries: Constraining Gaussian Processes by Variational Harmonic Features},
	year = {2019}}

@article{sanzalonso21,
	author = {Sanz-Alonso, Daniel and Yang, Ruiyi},
	date-added = {2021-07-19 21:38:32 +0100},
	date-modified = {2022-01-27 15:49:42 +0000},
	journal = {Statistical Science},
	title = {The SPDE Approach to Matérn Fields: Graph Representations},
	year = {2021}}

@article{burago14,
	author = {Burago, Dmitri and Ivanov, Sergei and Kurylev, Yaroslav},
	date-added = {2021-07-19 21:38:15 +0100},
	date-modified = {2021-07-19 21:38:15 +0100},
	journal = {Journal of Spectral Theory},
	number = {4},
	pages = {675--714},
	title = {A Graph Discretization of the Laplace--Beltrami Operator},
	volume = {4},
	year = {2014}}

@inproceedings{belkin07,
	author = {Belkin, Mikhail and Niyogi, Partha},
	booktitle = {Advances in Neural Information Processing Systems},
	date-added = {2021-07-19 21:38:10 +0100},
	date-modified = {2021-07-19 21:38:11 +0100},
	title = {Convergence of Laplacian Eigenmaps},
	year = {2007}}

@incollection{smola03,
	author = {Smola, Alexander J and Kondor, Risi},
	booktitle = {Learning Theory and Kernel Machines},
	date-added = {2021-07-19 21:18:03 +0100},
	date-modified = {2021-07-19 21:18:03 +0100},
	pages = {144--158},
	publisher = {Springer},
	title = {Kernels and Regularization on Graphs},
	year = {2003}}

@article{urry13,
	author = {Urry, Matthew J and Sollich, Peter},
	date-added = {2021-07-19 21:01:27 +0100},
	date-modified = {2021-07-19 21:01:28 +0100},
	journal = {Journal of Machine Learning Research},
	number = {1},
	pages = {1801--1835},
	title = {Random Walk Kernels and Learning Curves for Gaussian Process Regression on Random Graphs},
	volume = {14},
	year = {2013}}

@book{gradshteyn14,
	author = {Gradshteyn, Izrail Solomonovich and Ryzhik, Iosif Moiseevich},
	date-added = {2021-07-18 14:20:54 +0100},
	date-modified = {2021-07-18 14:20:54 +0100},
	edition = {7},
	editor = {Alan Jeffrey and Daniel Zwillinger},
	publisher = {Academic Press},
	title = {Table of Integrals, Series, and Products},
	year = {2014}}

@article{whittle63,
	author = {Whittle, Peter},
	date-added = {2021-07-18 13:24:09 +0100},
	date-modified = {2021-07-18 13:24:09 +0100},
	journal = {Bulletin of the International Statistical Institute},
	number = {2},
	pages = {974--994},
	title = {Stochastic Processes in Several Dimensions},
	volume = {40},
	year = {1963}}

@article{lindgren11,
	author = {Lindgren, Finn and Rue, Håvard and Lindström, Johan},
	date-added = {2021-07-18 13:23:56 +0100},
	date-modified = {2021-07-18 13:23:57 +0100},
	journal = {Journal of the Royal Statistical Society: Series B (Statistical Methodology)},
	number = {4},
	pages = {423--498},
	title = {An Explicit Link Between Gaussian Fields and Gaussian Markov Random Fields: the Stochastic Partial Differential Equation Approach},
	volume = {73},
	year = {2011}}

@article{devito20,
	author = {De Vito, Ernesto and Mücke, Nicole and Rosasco, Lorenzo},
	date-added = {2021-07-18 11:33:16 +0100},
	date-modified = {2021-07-18 11:33:24 +0100},
	journal = {Analysis and Applications},
	number = {3},
	pages = {363--396},
	title = {Reproducing Kernel Hilbert Spaces on Manifolds: Sobolev and Diffusion Spaces},
	volume = {19},
	year = {2020}}

@book{lototsky17,
	author = {Lototsky, Sergey V and Rozovsky, Boris L},
	date-added = {2021-07-17 17:22:05 +0100},
	date-modified = {2021-07-17 17:22:06 +0100},
	publisher = {Springer},
	title = {Stochastic Partial Differential Equations},
	year = {2017}}

@book{villani08,
	author = {Villani, Cédric},
	date-added = {2021-07-17 15:05:57 +0100},
	date-modified = {2021-07-17 15:05:58 +0100},
	publisher = {Springer},
	title = {Optimal Transport: Old and New},
	year = {2008}}

@inproceedings{feragen15,
	author = {Feragen, Aasa and Lauze, Francois and Hauberg, Soren},
	booktitle = {Conference on Computer Vision and Pattern Recognition},
	title = {Geodesic Exponential Kernels: When Curvature and Linearity Conflict},
	year = {2015}}

@article{strichartz83,
	author = {Strichartz, Robert S},
	journal = {Journal of Functional Analysis},
	number = {1},
	pages = {48--79},
	publisher = {Academic Press},
	title = {Analysis of the Laplacian on the Complete Riemannian Manifold},
	volume = {52},
	year = {1983}}

@book{chavel84,
	author = {Chavel, Isaac},
	publisher = {Academic Press},
	title = {Eigenvalues in Riemannian Geometry},
	year = {1984}}

@inproceedings{sutherland15,
	author = {Sutherland, Danica J and Schneider, Jeff},
	booktitle = {Uncertainty in Artificial Intelligence},
	date-added = {2020-01-20 11:30:04 +0000},
	date-modified = {2021-06-04 17:00:16 +0100},
	title = {On the Error of Random Fourier Features},
	year = {2015}}

@article{opper09,
	author = {Opper, Manfred and Archambeau, Cédric},
	date-added = {2021-07-13 19:15:37 +0100},
	date-modified = {2021-07-13 19:15:37 +0100},
	journal = {Neural Computation},
	number = {3},
	pages = {786--792},
	title = {The Variational Gaussian Approximation Revisited},
	volume = {21},
	year = {2009}}

@inproceedings{titsias09,
	author = {Titsias, Michalis},
	booktitle = {Artificial Intelligence and Statistics},
	date-added = {2021-07-13 19:14:19 +0100},
	date-modified = {2021-07-13 19:14:20 +0100},
	title = {Variational Learning of Inducing Variables in Sparse Gaussian Processes},
	year = {2009}}

@incollection{chiles05,
	author = {Chilès, Jean-Paul and Lantuéjoul, Christian},
	booktitle = {Space, Structure and Randomness},
	pages = {39--68},
	publisher = {Springer},
	title = {Prediction by Conditional Simulation: Models and Algorithms},
	year = {2005}}

@techreport{doucet10,
	author = {Doucet, Arnaud},
	date-added = {2021-07-11 02:31:35 +0100},
	date-modified = {2021-07-11 02:31:36 +0100},
	institution = {University of British Columbia},
	title = {A Note on Efficient Conditional Simulation of Gaussian Distributions},
	year = {2010}}

@inproceedings{borovitskiy21,
	author = {Viacheslav Borovitskiy and Iskander Azangulov and Alexander Terenin and Peter Mostowsky and Marc Peter Deisenroth and Nicolas Durrande},
	booktitle = {Artificial Intelligence and Statistics},
	date-added = {2021-06-20 16:10:27 +0100},
	date-modified = {2021-06-20 16:10:28 +0100},
	title = {Matérn Gaussian Processes on Graphs},
	year = {2021}}

@inproceedings{wilson20,
	author = {James T. Wilson and Viacheslav Borovitskiy and Alexander Terenin and Peter Mostowsky and Marc Peter Deisenroth},
	booktitle = {International Conference on Machine Learning},
	date-added = {2021-06-20 16:10:27 +0100},
	date-modified = {2021-06-20 16:10:28 +0100},
	title = {Efficiently Sampling Functions from Gaussian Process Posteriors},
	year = {2020}}

@article{wilson21,
	author = {James T. Wilson and Viacheslav Borovitskiy and Alexander Terenin and Peter Mostowsky and Marc Peter Deisenroth},
	date-added = {2021-06-20 16:10:27 +0100},
	date-modified = {2022-02-18 03:15:34 +0000},
	journal = {Journal of Machine Learning Research},
	number = {105},
	pages = {1--47},
	title = {Pathwise Conditioning of Gaussian Processes},
	volume = {22},
	year = {2021}}

@inproceedings{borovitskiy20,
	author = {Viacheslav Borovitskiy and Alexander Terenin and Peter Mostowsky and Marc Peter Deisenroth},
	booktitle = {Advances in Neural Information Processing Systems},
	date-added = {2021-06-20 16:10:27 +0100},
	date-modified = {2021-06-20 16:10:28 +0100},
	title = {Matérn Gaussian Processes on Riemannian Manifolds},
	year = {2020}}

@inproceedings{hutchinson21,
	author = {Michael John Hutchinson and Alexander Terenin and Viacheslav Borovitskiy and So Takao and Yee Whye Teh and Marc Peter Deisenroth},
	booktitle = {Advances in Neural Information Processing Systems},
	date-added = {2021-05-28 23:48:15 +0100},
	date-modified = {2021-09-14 20:35:32 +0100},
	title = {Vector-valued Gaussian Processes on Riemannian Manifolds via Gauge Independent Projected Kernels},
	year = {2021}}
