@phdthesis{terenin22,
    author = {Alexander Terenin},
    school = {Imperial College London},
    title = {Gaussian Processes and Statistical Decision-making in Non-Euclidean Spaces},
    year = {2022}}